@misc{deniableAKE,
 title={Improved Strongly Deniable Authenticated Key Exchanges for Secure Messaging},
 author={Nik Unger and Ian Goldberg},
 year={2018}
}

@misc{latticeAGKE,
 title={Constant-Round Group Key Exchangefrom the Ring-LWE Assumption},
 author={Daniel Apon and Dana Dachman-Soled and Huijing Gong and Jonathan Katz},
 year={2019}
}

@misc{KYcompiler,
 title={Scalable Protocols for Authenticated Group Key Exchange},
 author={Jonathan Katz and Moti Yung},
 year={2003}
}

@misc{CSIDH,
 title={CSIDH: An Efficient Post-QuantumCommutative Group Action},
 author={Wouter Castryck and Tanja Lange and Chloe Martindale and Lorenz Panny and Joost Renes},
 year={2018}
}

@misc{formalize,
 title={A Foundational Proof Framework for Cryptography},
 author={Adam Petcher},
 year={2015}
}

@misc{explicitClassGroup,
 title={CSI-FiSh: Efficient Isogeny based Signaturesthrough Class Group Computations},
 author={Ward Beullens and Thorsten Kleinjung and Frederik Vercauteren},
 year={2019}
}